<record><leader>00000cas a22000007a 4500</leader><controlfield tag="001">9232894</controlfield><controlfield tag="008">830217d18471847mauwr ne      0    0eng d</controlfield><datafield ind1=" " ind2=" " tag="010"><subfield code="a">sn 83020040 </subfield></datafield><datafield ind1=" " ind2=" " tag="040"><subfield code="a">NPX</subfield><subfield code="b">eng</subfield><subfield code="c">NPX</subfield><subfield code="d">NVH</subfield><subfield code="d">OCLCQ</subfield><subfield code="d">AQM</subfield></datafield><datafield ind1=" " ind2=" " tag="019"><subfield code="a">959511684</subfield></datafield><datafield ind1="1" ind2=" " tag="029"><subfield code="a">AU@</subfield><subfield code="b">000025786971</subfield></datafield><datafield ind1=" " ind2=" " tag="042"><subfield code="a">msc</subfield></datafield><datafield ind1="0" ind2=" " tag="130"><subfield code="a">Weekly messenger (Lawrence, Mass.)</subfield></datafield><datafield ind1="1" ind2="4" tag="245"><subfield code="a">The weekly messenger.</subfield></datafield><datafield ind1=" " ind2=" " tag="260"><subfield code="a">Lawrence, Mass. :</subfield><subfield code="b">Harding &amp; Co.</subfield></datafield><datafield ind1=" " ind2=" " tag="300"><subfield code="a">v. ;</subfield><subfield code="c">60 cm.</subfield></datafield><datafield ind1=" " ind2=" " tag="310"><subfield code="a">Weekly</subfield></datafield><datafield ind1="1" ind2=" " tag="362"><subfield code="a">Began in Jan. 1847.</subfield><subfield code="z">Cf. Dorgan, M.B. Hist. of Lawrence, Mass.</subfield></datafield><datafield ind1="1" ind2=" " tag="362"><subfield code="a">Ceased in 1847?</subfield><subfield code="z">Cf. Gregory, W. Amer. newspapers.</subfield></datafield><datafield ind1=" " ind2=" " tag="500"><subfield code="a">Published by: Brown &amp; Beckett, who moved the paper to Lawrence from Exeter, N.H. in Jan. 1847.</subfield></datafield><datafield ind1=" " ind2=" " tag="500"><subfield code="a">Editor: J.L. Beckett, &lt;1847&gt;.</subfield></datafield><datafield ind1=" " ind2=" " tag="588"><subfield code="a">Description based on: Oct. 21, 1847.</subfield></datafield><datafield ind1=" " ind2="7" tag="655"><subfield code="a">Newspapers.</subfield><subfield code="2">rbgenr</subfield></datafield><datafield ind1="1" ind2=" " tag="700"><subfield code="a">Beckett, J. L.</subfield></datafield><datafield ind1=" " ind2=" " tag="752"><subfield code="a">United States</subfield><subfield code="b">Massachusetts</subfield><subfield code="c">Essex</subfield><subfield code="d">Lawrence.</subfield></datafield><datafield ind1="0" ind2="0" tag="780"><subfield code="t">Weekly messenger (Exeter, N.H.)</subfield></datafield><datafield ind1="0" ind2="0" tag="785"><subfield code="t">Weekly messenger and Massachusetts era</subfield><subfield code="w">(DLC)sn 91063198</subfield></datafield></record>